@article{Longuet-1950,
  author  =  {Longuet-Higgins, M. S.},
  title   =  {A theory on the origin of microseisms},
  journal =  {Philosophical Transactions of the Royal Society of London. Series A, Mathematical and Physical Sciences},
  year    =  {1950},
  volume  =  {243},
  pages   =  {1-35},
  address =  {Cambridge, Massachusetts}
}

@book{SPH_LIU_2003,
  author    = {Liu, G. R. and Liu, M. B.},
  title     = {Smoothed Particle Hydrodynamics: a meshfree particle method},
  publisher = {World Scientific Publishing},
  year      = {2003},
  address   = {Singapore}
}

@Techreport{Scan-1990-Blelloch,
  author    = {Blelloch, Guy. E.},
  title     = {Prefix Sums and Their Applications},
  year      = {1990},
  month     = {Novembro},
  institution = {Universidade Carnegie Mellon},
  publication\_type = {type}
}

@phdthesis{CD-1992-Baraff,
  author  =  {Baraff, D.},
  title   =  {Dynamic Simulation of Non-Penetrating Rigid Bodies},
  school  =  {Cornell University},
  year    =  {1992},
  address =  {Ithaca, Nova Iorque}
}

@inproceedings{CD-1995-Cohen,
  author    =  {Cohen J. D. and M. C. Lin and Manocha D. and Ponamgi M. K.},
  title     =  {I-collide: An interactive and exact collision detection system for large-scale environments},
  booktitle =  {Proceedings of ACM Int. 3D Graphics Conference},
  year      =  {1995},
  pages     =  {189--196},
  numpages  =  {7},
}

@mastersthesis{Lin_Loi_2010,
  author  = {Loi, Lin},
  title   = {Fast GPU-based Collision Detection},
  school  = {Departamento de Ciência da Computação e Engenharia, Universidade de Gotemburgo},
  year    = {2010},
  address = {Gotemburgo, Suécia},
  month   = {Dez}
}

@misc{GPGPU-2011-RigidDynamic,
  author = {Negrut, D. and Tasora, A. and Anitescu, M. and Mazhar, H. and Heyn, T. and Pazouki, A.},
  title  = {Solving Large Multi-Body Dynamics Problems on the GPU},
  year   = {2010}
}

